<record><leader>00000cas a2200000 a 4500</leader><controlfield tag="001">12792064</controlfield><controlfield tag="008">851114d18661887dcuwr ne      0   a0eng  </controlfield><datafield ind1=" " ind2=" " tag="010"><subfield code="a">sn 85042682 </subfield></datafield><datafield ind1=" " ind2=" " tag="040"><subfield code="a">DLC</subfield><subfield code="b">eng</subfield><subfield code="c">DLC</subfield><subfield code="d">NPX</subfield><subfield code="d">NPU</subfield><subfield code="d">DLC</subfield><subfield code="d">YOX</subfield><subfield code="d">KNP</subfield><subfield code="d">MGN</subfield><subfield code="d">DCN</subfield><subfield code="d">TGN</subfield><subfield code="d">DLC</subfield><subfield code="d">OCLCQ</subfield><subfield code="d">OCLCA</subfield><subfield code="d">OCLCF</subfield></datafield><datafield ind1=" " ind2=" " tag="012"><subfield code="l">a</subfield></datafield><datafield ind1="1" ind2=" " tag="022"><subfield code="a">2157-3379</subfield><subfield code="2">1</subfield></datafield><datafield ind1="1" ind2=" " tag="029"><subfield code="a">AU@</subfield><subfield code="b">000021234806</subfield></datafield><datafield ind1=" " ind2=" " tag="042"><subfield code="a">pcc</subfield><subfield code="a">nsdp</subfield></datafield><datafield ind1=" " ind2=" " tag="043"><subfield code="a">n-us-dc</subfield></datafield><datafield ind1="0" ind2="0" tag="050"><subfield code="a">Newspaper</subfield></datafield><datafield ind1="0" ind2=" " tag="130"><subfield code="a">Sunday herald (Washington, D.C. : 1866)</subfield></datafield><datafield ind1=" " ind2="4" tag="222"><subfield code="a">The Sunday herald (Washington, D.C. 1866)</subfield></datafield><datafield ind1="1" ind2="4" tag="245"><subfield code="a">The Sunday herald.</subfield></datafield><datafield ind1="1" ind2="3" tag="246"><subfield code="a">Sunday herald and weekly national intelligencer</subfield><subfield code="f">&lt;Oct. 24, 1869-May 13, 1877&gt;</subfield></datafield><datafield ind1=" " ind2=" " tag="260"><subfield code="a">Washington [D.C.] :</subfield><subfield code="b">John T. Halleck &amp; Co.,</subfield><subfield code="c">1866-1887.</subfield></datafield><datafield ind1=" " ind2=" " tag="300"><subfield code="a">21 v.</subfield></datafield><datafield ind1=" " ind2=" " tag="310"><subfield code="a">Weekly</subfield></datafield><datafield ind1="0" ind2=" " tag="362"><subfield code="a">Vol. 1, no. 1 (Apr. 1, 1866)-v. 21, no. 45 (Jan. 30, 1887).</subfield></datafield><datafield ind1=" " ind2=" " tag="500"><subfield code="a">Publishers: I.N. Burritt, &lt;1873, 1876&gt; ; T.B. Kalbfus, &lt;1885&gt;.</subfield></datafield><datafield ind1=" " ind2=" " tag="500"><subfield code="a">"Democratic."</subfield></datafield><datafield ind1=" " ind2=" " tag="500"><subfield code="a">Editor: I.N. Burritt, &lt;1873, 1876&gt;.</subfield></datafield><datafield ind1=" " ind2=" " tag="530"><subfield code="a">Also issued on microfilm from the Library of Congress, Photoduplication Service.</subfield></datafield><datafield ind1=" " ind2=" " tag="530"><subfield code="a">Archived issues are available in digital format as part of the Library of Congress Chronicling America online collection.</subfield></datafield><datafield ind1=" " ind2="0" tag="651"><subfield code="a">Washington (D.C.)</subfield><subfield code="v">Newspapers.</subfield></datafield><datafield ind1=" " ind2="7" tag="655"><subfield code="a">Newspapers.</subfield><subfield code="2">fast</subfield><subfield code="0">(OCoLC)fst01423814</subfield></datafield><datafield ind1=" " ind2="7" tag="651"><subfield code="a">Washington (D.C.)</subfield><subfield code="2">fast</subfield><subfield code="0">(OCoLC)fst01204505</subfield></datafield><datafield ind1=" " ind2=" " tag="752"><subfield code="a">United States</subfield><subfield code="b">District of Columbia</subfield><subfield code="d">Washington.</subfield></datafield><datafield ind1="0" ind2=" " tag="775"><subfield code="t">Sunday herald (Washington, D.C. : Army and Navy ed.)</subfield><subfield code="w">(DLC)sn 82016303</subfield><subfield code="w">(OCoLC)9278610</subfield></datafield><datafield ind1="0" ind2="0" tag="785"><subfield code="t">Sunday herald and weekly national intelligencer</subfield><subfield code="x">2157-2143</subfield><subfield code="w">(DLC)sn 82016373</subfield><subfield code="w">(OCoLC)9303012</subfield></datafield><datafield ind1="4" ind2="1" tag="856"><subfield code="u">http://www.loc.gov/chroniclingamerica/lccn/sn85042682/issues</subfield></datafield></record>